<?xml version="1.0" encoding="UTF-8"?>
<record xmlns="http://www.loc.gov/MARC21/slim" xmlns:xsi="http://www.w3.org/2001/XMLSchema-instance" xsi:schemaLocation="http://www.loc.gov/MARC21/slim http://www.loc.gov/standards/marcxml/schema/MARC21slim.xsd">
<leader>     nam a2200445 a 4500</leader>
<controlfield tag="001">002122147</controlfield>
<controlfield tag="003">NNU</controlfield>
<controlfield tag="005">20061010172457.0</controlfield>
<controlfield tag="008">940202s1964    iq a     b   f001 0 ara d</controlfield>
<datafield tag="035" ind1="9" ind2=" ">
<subfield code="a">NYUb11098281</subfield>
</datafield>
<datafield tag="035" ind1=" " ind2=" ">
<subfield code="a">(CStRLIN)NYUG94-B5036</subfield>
</datafield>
<datafield tag="040" ind1=" " ind2=" ">
<subfield code="a">NN</subfield>
<subfield code="c">NN</subfield>
<subfield code="d">NNU</subfield>
</datafield>
<datafield tag="041" ind1="1" ind2=" ">
<subfield code="a">ara</subfield>
<subfield code="h">per</subfield>
</datafield>
<datafield tag="043" ind1=" " ind2=" ">
<subfield code="a">ma-----</subfield>
</datafield>
<datafield tag="066" ind1=" " ind2=" ">
<subfield code="c">(3</subfield>
</datafield>
<datafield tag="090" ind1=" " ind2=" ">
<subfield code="a">ML189</subfield>
<subfield code="b">.B25 1964</subfield>
</datafield>
<datafield tag="100" ind1="1" ind2=" ">
<subfield code="a">Balkhī, ʻAbd al-Muʼmin.</subfield>
</datafield>
<datafield tag="240" ind1="1" ind2="0">
<subfield code="a">Bayān al-maqāmāt al-ʻalīyah maʻa al-furūʻ wa-al-awzān al-aṣlīyah.</subfield>
<subfield code="l">Arabic.</subfield>
<subfield code="f">1964</subfield>
</datafield>
<datafield tag="245" ind1="1" ind2="3">
<subfield code="6">880-01</subfield>
<subfield code="a">al-Durr al-naqī fī ʻilm al-mūsīqī /</subfield>
<subfield code="c">taʼlīf Aḥmad ibn ʻAbd al-Raḥmān al-Qādirī al-Rifāʻī al-shahīr bi-al-Musallam al-Mawṣilī ; qaddama lahu wa-ʻallaqa ʻalayhi Jalāl al-Ḥanafī.</subfield>
</datafield>
<datafield tag="260" ind1=" " ind2=" ">
<subfield code="6">880-02</subfield>
<subfield code="a">Baghdad :</subfield>
<subfield code="b">Wizārat al-Thaqāfah wa-al-Irshād, Mudīrīyat al-Thaqāfah al-ʻĀmmah,</subfield>
<subfield code="c">1964.</subfield>
</datafield>
<datafield tag="300" ind1=" " ind2=" ">
<subfield code="a">37 p. :</subfield>
<subfield code="b">ill. ;</subfield>
<subfield code="c">24 cm.</subfield>
</datafield>
<datafield tag="490" ind1="1" ind2=" ">
<subfield code="6">880-03</subfield>
<subfield code="a">Silsilat al-kutub al-turāth ;</subfield>
<subfield code="v">1</subfield>
</datafield>
<datafield tag="500" ind1=" " ind2=" ">
<subfield code="a">In Arabic.</subfield>
</datafield>
<datafield tag="504" ind1=" " ind2=" ">
<subfield code="a">Includes bibliographical references and indexes.</subfield>
</datafield>
<datafield tag="500" ind1=" " ind2=" ">
<subfield code="a">Translation of Bayān al-maqāmāt al-ʻalīyah maʻa al-furūʻ wa-al-awzān al-aṣlīyah.</subfield>
</datafield>
<datafield tag="500" ind1=" " ind2=" ">
<subfield code="a">Intro. also in English.</subfield>
</datafield>
<datafield tag="500" ind1=" " ind2=" ">
<subfield code="a">Original title and author given in introduction, p. 4.</subfield>
</datafield>
<datafield tag="500" ind1=" " ind2=" ">
<subfield code="a">Title on p. [4] of cover: al-Durr al-naki fi ilm al-musiki.</subfield>
</datafield>
<datafield tag="500" ind1=" " ind2=" ">
<subfield code="a">"Ṣadara bi-munāsabat inʻiqād al-Muʼtamar al-Dawlī lil-Mūsīqá al-ʻArabīyah bi-Baghdād, [24 Rajab 1384 H-28 Tishrīn al-Thānī 1964 M]."-- T.p.</subfield>
</datafield>
<datafield tag="650" ind1=" " ind2="0">
<subfield code="a">Music</subfield>
<subfield code="z">Arab countries</subfield>
<subfield code="v">Early works to 1800.</subfield>
</datafield>
<datafield tag="700" ind1="1" ind2=" ">
<subfield code="6">880-04</subfield>
<subfield code="a">Musallam al-Mawṣilī, Aḥmad ibn ʻAbd al-Raḥmān,</subfield>
<subfield code="d">d. 1708.</subfield>
</datafield>
<datafield tag="700" ind1="1" ind2=" ">
<subfield code="6">880-05</subfield>
<subfield code="a">Ḥanafī, Jalāl.</subfield>
</datafield>
<datafield tag="740" ind1="0" ind2=" ">
<subfield code="a">Durr al-naki fi ilm al-musiki.</subfield>
</datafield>
<datafield tag="880" ind1="1" ind2="2">
<subfield code="6">245-01/</subfield>
<subfield code="a">الدر النقي في علم الموسيقي /</subfield>
<subfield code="c">تأليف احمد بن عبد الرحمن القادرى الرفاعى الشهير بالمسلم الموصلى ؛ قدم له وعلق عليه جلال الحنفى.</subfield>
</datafield>
<datafield tag="880" ind1=" " ind2=" ">
<subfield code="6">260-02/</subfield>
<subfield code="a">بغداد :</subfield>
<subfield code="b">وزارة الثقافة والارشاد، مديرية الثقافة العامة،</subfield>
<subfield code="c">١٩٦٤.</subfield>
</datafield>
<datafield tag="880" ind1="1" ind2=" ">
<subfield code="6">490-03/</subfield>
<subfield code="a">سلسلة الكتب التراث ؛</subfield>
<subfield code="v">١</subfield>
</datafield>
<datafield tag="880" ind1="0" ind2=" ">
<subfield code="6">700-04/</subfield>
<subfield code="a">احمد بن عبد الرحمن القادرى الرفاعى المسلم الموضلى.</subfield>
</datafield>
<datafield tag="880" ind1="0" ind2=" ">
<subfield code="6">700-05/</subfield>
<subfield code="a">جلال الجنفى.</subfield>
</datafield>
<datafield tag="830" ind1=" " ind2="0">
<subfield code="6">880-06</subfield>
<subfield code="a">Silsilat al-kutub al-turāth ;</subfield>
<subfield code="v">1.</subfield>
</datafield>
<datafield tag="880" ind1=" " ind2="0">
<subfield code="6">830-06/</subfield>
<subfield code="a">سلسلة الكتب التراث ؛</subfield>
<subfield code="v">١</subfield>
</datafield>
<datafield tag="OWN" ind1=" " ind2=" ">
<subfield code="a">GENERAL</subfield>
</datafield>
<datafield tag="998" ind1=" " ind2=" ">
<subfield code="a">19940202</subfield>
<subfield code="d">19940202</subfield>
<subfield code="d">20041113</subfield>
<subfield code="n">NNU</subfield>
<subfield code="s">1</subfield>
<subfield code="t">c</subfield>
<subfield code="z">p</subfield>
</datafield>
<datafield tag="AVA" ind1=" " ind2=" ">
<subfield code="a">NYU50</subfield>
<subfield code="b">BOBST</subfield>
<subfield code="c">Main Collection</subfield>
<subfield code="d">ML189 .B25 1964</subfield>
<subfield code="e">unavailable</subfield>
<subfield code="t">Unavailable</subfield>
<subfield code="f">1</subfield>
<subfield code="g">1</subfield>
<subfield code="h">N</subfield>
<subfield code="i">0</subfield>
<subfield code="j">MAIN</subfield>
<subfield code="k">0</subfield>
</datafield>
</record>
